@article{UQBeamerposterTemplate,
  author = {Kezheng Su},
  title = {NK Poster Template},
  journal = {Overleaf Poster Templates},
  year = 2022,
  url = https://github.com/ssskz,
}
